@online{getAnnotations,
	author= "Brandon Holt",
	year="2016",
	title= "Quick LLVM Tricks ",
	url= "http://homes.cs.washington.edu/~bholt/posts/llvm-quick-tricks.html",
	keywords = "LLVM, Annotations" 
}


% Basic code for a function Pass in LLVM. 
% Used to get all of the basic information to create my Pass 
@online{skeleton,
	author= "sampsyo",
	title= "llvm-pass-skeleton",
	url= "https://github.com/sampsyo/llvm-pass-skeleton",
	keywords = "LLVM, Pass" 
}

% Clang tutorial on how to add a custom attribute
@online{AddAnAttribute,
	author = "The Clang Team",
	title = "Clang CFE Internals Manual",
	subtitle = "How to add an attribute",
	url = "http://clang.llvm.org/docs/InternalsManual.html#how-to-add-an-attribute"
}

% Blog post on how to add a pragma handler to clang
@online{ImplementingACustomDirectiveHandlerInClang,
	author = "Serge Guelton",
	year = "2016",
	title = "Implementing a Custom Directive Handler in Clang",
	url = "http://blog.quarkslab.com/implementing-a-custom-directive-handler-in-clang.html"
}

% LLVM documentation on writing a pass in LLVM
@online{WritingAnLLVMPass,
	author = "LLVM Project",
	title = "Writing an LLVM Pass",
	url = "http://llvm.org/docs/WritingAnLLVMPass.html"
}

% Blog post about extending Clang with a Plugin, LibTooling and LibClang
@online{BoosClangTutorial,
	author = "Kevin Boos",
	title = "Bits, Bytes, Boos",
	subtitle = "Clang Tutorial",
	url = "https://kevinaboos.wordpress.com/2013/07/23/clang-tutorial-part-i-introduction/",
	year = "2013"
}

% Commands to emit llvm code related to a C program
@online{GettingStarted,
	author = "LLVM Project",
	title = "Getting Started with the LLVM System",
	subtitle = "Example with Clang",
	url = "http://llvm.org/docs/GettingStarted.html#example-with-clang"
}

% SO question about how to add a custom pragma rule
@online{CanIAddCustomPragma,
	author = "Mats Petersson",
	title = "Can I add custom #pragma rule?",
	url = "http://stackoverflow.com/questions/34974345/can-i-add-custom-pragma-rule"
}

% LLVM form question about adding custom pragmas
@online{AddingCustomPragma,
	author = "David Glanzman",
	title = "Adding custom #pragma for clang",
	url = "http://lists.llvm.org/pipermail/llvm-dev/2014-July/075157.html"
}

% SO question about how to get the annotations from LLVM IR
@online{llvmGetAnnotations,
	author = "user2022455",
	title = "llvm get annotations",
	url = "http://stackoverflow.com/questions/15114284/llvm-get-annotations"
}

% Blog post explaining how LLVM works
@online{ClangForGradStudents,
	author = "Adrian Sampson",
	title = "LLVM for Grad Students",
	url = "http://adriansampson.net/blog/llvm.html"
}

% LLVM manual on metadata
@online{LanguageReference,
	author = "LLVM Project",
	title = "LLVM Language Reference Manual",
	subtitle = "Metadata",
	url = "http://llvm.org/docs/LangRef.html#metadata"
}
